@misc {esset-tendencias,
 author       = {{ESSET Latino América}},
 title        = {Tendencias 2015: El mundo corporativo en la mira.},
 howpublished = "\url{http://http://www.welivesecurity.com/wp-content/uploads/2015/01/tendencias\_2015\_eset\_mundo\_corporativo.pdf}",
 chapter      = {Prologue},
 pages        = {6},
 month        = {Jan},
 year         = {2015}
}

@misc {cni-ccn-tendencias-2014,
	author       = {{CNI-Centro Critográfico Nacional}},
	title        = {Informe de Amenazas CCN-CERT IA-03/14: Ciberamenazas 2013 y Tendencias 2014.},
	howpublished = "\url{https://www.ccn-cert.cni.es/publico/dmpublidocuments/CCN-CERT\_IA-03-14-Ciberamenazas\_2013\_Tendencias\_2014-publico.pdf}",
	month        = {Oct},
	year         = {2014}
}

@misc {cni-ccn-tendencias-2015,
	author       = {{CNI-Centro Critográfico Nacional}},
	title        = {CCN-CERT IA-09/15 Ciberamenazas\_2014 Tendencias\_2015 - Resumen Ejecutivo April 2015.},
	howpublished = "\url{https://www.ccn-cert.cni.es/publico/dmpublidocuments/IE-Ciberamenazas2014-Tendencias-2015.pdf}",
	month        = {Apr},
	year         = {2015}
}

@misc {cisco-2014,
	author       = {{Cisco Technology Inc}},
	title        = {Cisco 2014 Annual Security Report},
	howpublished = "\url{http://www.cisco.com/web/offer/gist\_ty2\_asset/Cisco\_2014\_ASR.pdf}",
	month        = {Jan},
	year         = {2014}
}

@misc {iris-proyecto,
	author       = {{Subdirección General de Organización y Automación, Secretaía General Técnica, Ministerio de Educación y Ciencia}},
	title        = {Proyecto IRIS.},
	howpublished = "\url{http://https://www.rediris.es/rediris/historia/programa-iris.pdf}",
	month        = {Nov},
	year         = {1985}
}

@misc {verizon-2015,
	author       = {{Verizon Enterprise}},
	title        = {2015 Data Breach Investigations Report.},
	howpublished = "\url{http://www.verizonenterprise.com/resources/reports/rp\_data-breach-investigation-report-2015\_en\_xg.pdf}",
	year         = {2015}
}

@misc {Seifert06taxonomyof,
	author = {Christian Seifert and Ian Welch and Peter Komisarczuk},
	title  = {Taxonomy of Honeypots},
	year   = {2006}
}

@misc {ms08067,
	author       = {Microsoft},
	title        = {Microsoft Security Bulletin MS08-067 - Critical},
	howpublished = "\url{http://www.microsoft.com/technet/security/Bulletin/MS08-067.mspx}",
	year         = {2008}
}
 
@misc{wiki-cyberwarfare-eeuu,
	author       = {Wikipedia-Community},
	title        = {Cyberwarfare in the United States},
	howpublished = "\url{https://en.wikipedia.org/wiki/Cyberwarfare\_in\_the\_United\_States}",
}

@misc {wiki-cyberwarfare-china,
	author       = {Wikipedia-Community},
	title        = {Cyberwarfare in China},
	howpublished = "\url{https://en.wikipedia.org/wiki/Cyberwarfare\_in\_China}",
}

@book{fuzzingforsec,
	author    = "Ari Takanen,Jared D. DeMott,Charles Miller",
	title     = "Fuzzing for Software Security Testing and Quality Assurance",
	year      = "2008",
	publisher = "Artech-House",
	address   = "685 Canton Street,Norwood"
}

@book {The-Cuckoos-Egg,
	author    = "Cliff Stoll",
	title     = "The Cuckoo’s Egg: Tracking a Spy Through the Maze of Computer Espionage",
	year      = "1990",
	publisher = "Pocket Books",
	address   = "New York"
}

@article {KnowYourEnemies,
	author	        = {Honeynet Project},
	title	        = {"Know Your Enemy. The Tools and Methodologies of the Script Kiddie"},
	journal	        = {"Know Your Enemies": series},
	howpublished	= "\url{http://old.honeynet.org/papers/enemy/}",
	year            ={2000},
	month           ={Jul},
}

@article {kohonen-1990,
	author={Kohonen, T.},
	journal={Proceedings of the IEEE},
	title={The self-organizing map},
	year={1990},
	month={Sep},
	volume={78},
	number={9},
	pages={1464-1480},
	keywords={learning systems;neural nets;self-adjusting systems;speech recognition;clustering;competitive learning;learning vector;neural networks;self-organizing map;semantic maps;speech recognition;Animals;Artificial neural networks;Biological neural networks;Computer networks;Organizing;Pattern recognition;Process control;Signal processing;Signal processing algorithms;Speech recognition},
	doi={10.1109/5.58325},
	ISSN={0018-9219},
}

@article {Sood&Enbody2013,
	author={A. Sood and R. Enbody},
	journal={{Security \& Privacy, IEEE}},
	title={Targeted cyberattacks: A superset of advanced persistent threats},
	year={2013},
	month={Feb},
	volume={11},
	number={1},
	pages={54-61},
	keywords={advanced persistent threats;cyber warfare;cybercrime;targeted attacks;Computer crime;Economics;Electronic mail;
	Internet;Malware;Privacy;Routing protocols;Social network services;Targeting},
	doi={10.1109/MSP.2012.90},
	ISSN={1540-7993 },
}

@article {panda-2009,
	author  ={Mrutyunjaya Panda and Manas Ranjan Patra.},
	journal ={Proceeding of world academy of science, engineering and technology},
	title   ={Building an Efficient Network Intrusion Detection Model using Self Organising Maps},
	year    ={2009},
	volume  ={38},
	ISSN    ={2070-3740},
}

@article {RoleOfDeception,
	author    = {{Fred Cohen}},
	title     = "A note on the role of deception in information protection",
	year      = "1998",
	month     = {Nov},
	volume    ={17},
	number    ={6},
	pages     ={483-506},
	publisher = "Computers and Security",
	doi       ={10.1016/S0167-4048(98)80071-0},
	address   = "Sandia National Laboratories, 7011 East Avenue, Livermore, CA 94550, USA"
}

@INPROCEEDINGS {Cheswick92anevening,
	author    = {Bill Cheswick},
	title     = {An Evening with Berferd in which a cracker is Lured, Endured, and Studied},
	booktitle = {In Proc. Winter USENIX Conference},
	year      = {1992},
	pages     = {163-174},
}	
